<?xml version="1.0" encoding="UTF-8"?><collection xmlns="http://www.loc.gov/MARC21/slim"><record><leader>00674nam--2200181-i-4500</leader><controlfield tag="001">000014152</controlfield><controlfield tag="002">20161230</controlfield><controlfield tag="005">20161230201030</controlfield><controlfield tag="008">060222s1000------------r-----000-0-fre-d</controlfield><datafield ind1=" " ind2=" " tag="040"><subfield code="a">IFIN-HH</subfield></datafield><datafield ind1=" " ind2=" " tag="041"><subfield code="a">fre</subfield></datafield><datafield ind1=" " ind2=" " tag="080"><subfield code="a">535.215:535.352</subfield></datafield><datafield ind1="1" ind2=" " tag="100"><subfield code="a">Clair, J.-j</subfield></datafield><datafield ind1="1" ind2="0" tag="245"><subfield code="a">Point 80 on optoelectronique, fibres composants visualisation</subfield><subfield code="b">Par j. arnaud, d. bize, b.carquille, a.gabet, o.hubert, j.lebailly, j.marcou, g.robert, m.rousseau, p.c.schultz, j.-cl.trouche, s.valette, j.vienot</subfield><subfield code="c">J.-j. clair (dous la coordination de )</subfield></datafield><datafield ind1=" " ind2=" " tag="260"><subfield code="a">Paris</subfield><subfield code="b">Technique Et Documentation</subfield><subfield code="c">1980</subfield></datafield><datafield ind1=" " ind2=" " tag="300"><subfield code="a">VI + 153 P</subfield></datafield><datafield ind1=" " ind2=" " tag="852"><subfield code="a">70164</subfield><subfield code="c">537.533.3</subfield></datafield><datafield ind1=" " ind2=" " tag="CAT"><subfield code="a">Sys</subfield><subfield code="c">20110901</subfield><subfield code="h">134044</subfield></datafield></record></collection>